<?xml version="1.0" encoding="UTF-8"?><collection xmlns="http://www.loc.gov/MARC21/slim"><record><leader>00372nam--2200121-i-4500</leader><controlfield tag="001">000006820</controlfield><controlfield tag="002">20161230</controlfield><controlfield tag="005">20161230201027</controlfield><controlfield tag="008">060222s1000------------r-----000-0-eng-d</controlfield><datafield ind1=" " ind2=" " tag="100"><subfield code="a">Alpert, Nelson L</subfield></datafield><datafield ind1=" " ind2=" " tag="245"><subfield code="a">Ir-theory and practic of infrared spec- troscopy. with a chapter on instrumenta- tion by .....</subfield></datafield><datafield ind1=" " ind2=" " tag="260"><subfield code="a">New York, Plenum Press, 1964 Xiv + 375 P</subfield></datafield><datafield ind1=" " ind2=" " tag="852"><subfield code="a">19721</subfield></datafield></record></collection>